@article{anzia,
  title={Collective Bargaining, Transfer Rights, and Disadvantaged Schools},
  author={Anzia, Sarah F and Moe, Terry M},
  journal={Educational Evaluation and Policy Analysis},
  volume={36},
  number={1},
  pages={83--111},
  year={2014},
  publisher={SAGE}
}

@article{ballou,
  title={Returns to Seniority among Public School Teachers},
  author={Ballou, Dale and Podgursky, Michael},
  journal={Journal of Human Resources},
  pages={892--912},
  year={2002},
  publisher={University of Wisconsin Press}
}

@article{biasi,
  title={Unions, Salaries, and the Market for Teachers: Evidence from Wisconsin},
  author={Biasi, Barbara},
  year={2017},
  doi = {http://dx.doi.org/10.2139/ssrn.2942134},
  url={https://ssrn.com/abstract=2942134},
  publisher={SSRN}
}

@article{boyd2005,
  title={Explaining the Short Careers of High-Achieving Teachers in Schools with Low-Performing Students},
  author={Boyd, Donald and Lankford, Hamilton and Loeb, Susanna and Wyckoff, James},
  journal={The American Economic Review},
  volume={95},
  number={2},
  pages={166--171},
  year={2005},
  publisher={American Economic Association}
}

@article{boyd2009,
  title={Teacher Preparation and Student Achievement},
  author={Boyd, Donald J and Grossman, Pamela L and Lankford, Hamilton and Loeb, Susanna and Wyckoff, James},
  journal={Educational Evaluation and Policy Analysis},
  volume={31},
  number={4},
  pages={416--440},
  year={2009},
  publisher={SAGE Publications Sage CA: Los Angeles, CA}
}

@article{breiman,
  title={Random Forests},
  author={Breiman, Leo},
  journal={Machine Learning},
  volume={45},
  number={1},
  pages={5--32},
  year={2001},
  publisher={Springer}
}

@article{chettyI,
  title={Measuring the Impacts of Teachers I: Evaluating Bias in Teacher Value-Added Estimates},
  author={Chetty, Raj and Friedman, John N and Rockoff, Jonah E},
  journal={The American Economic Review},
  volume={104},
  number={9},
  pages={2593--2632},
  year={2014},
  publisher={American Economic Association}
}

@article{chettyII,
  title={Measuring the Impacts of Teachers {II}: Teacher Value-Added and Student Outcomes in Adulthood},
  author={Chetty, Raj and Friedman, John N and Rockoff, Jonah E},
  journal={The American Economic Review},
  volume={104},
  number={9},
  pages={2633--2679},
  year={2014},
  publisher={American Economic Association}
}

@article{cohenvogel,
  title={Seniority Provisions in Collective Bargaining Agreements and the “Teacher Quality Gap”},
  author={Cohen-Vogel, Lora and Feng, Li and Osborne-Lampkin, La’Tara},
  journal={Educational Evaluation and Policy Analysis},
  volume={35},
  number={3},
  pages={324--343},
  year={2013},
  publisher={SAGE}
}

@article{dahl,
  title={xtable: Export tables to La{T}e{X} or {HTML}},
  author={Dahl, David B},
  journal={R package version 1.8.2},
  pages={1--5},
  year={2009}
}

@article{croissant,
  title={Estimation of Multinomial Logit Models in R: The mlogit Package},
  author={Croissant, Yves},
  journal={R package version 0.2-2},
  url={http://cran.r-project.org/web/packages/mlogit/vignettes/mlogit.pdf},
  year={2012}
}

@book{deboor,
  title={A Practical Guide to Splines},
  author={Carl {de Boor}},
  volume={27},
  year={1978},
  publisher={Springer-Verlag New York}
}

@article{dolton,
  title={The Turnover of Teachers: A Competing Risks Explanation},
  author={Dolton, Peter and Van der Klaauw, Wilbert},
  journal={Review of Economics and Statistics},
  volume={81},
  number={3},
  pages={543--550},
  year={1999},
  publisher={MIT Press}
}

@Manual{dowle,
  title = {data.table: Extension of `data.frame`},
  author = {Matt Dowle and Arun Srinivasan},
  year = {2017},
  note = {R package version 1.10.5},
  url = {http://r-datatable.com},
}

@misc{dpi,
	title={School Staff: Salary, Position \& Demographic Reports},
	author={Wisconsin Department of Public Instruction},
	howpublished="\url{https://dpi.wi.gov/cst/data-collections/staff/published-data}",
	year={2017},
	note="[Online; accessed 2017-02-22]"
}

@misc{dpi_errata,
	title={Data Errata - Data Changes after DPI Publication},
	author={Wisconsin Department of Public Instruction},
	howpublished="\url{https://dpi.wi.gov/cst/data-collections/data-errata}",
	year={2017},
	note="[Online; accessed 2017-05-07]"
}

@misc{dpi_name_change,
	title={School District Name Changes - Since 1994},
	author={Wisconsin Department of Public Instruction},
	howpublished="\url{dpi.wi.gov/sites/default/files/imce/sms/doc/rg_sdnamechanges.doc}",
	year={2011},
	note="[Online; accessed 2017-05-13]"
}

@article{engel,
  title={New Evidence on Teacher Labor Supply},
  author={Engel, Mimi and Jacob, Brian A and Curran, F Chris},
  journal={American Educational Research Journal},
  volume={51},
  number={1},
  pages={36--72},
  year={2014},
  publisher={SAGE}
}

@techreport{fischer,
  title={Supply \& Demand 2008: Data Trends of Education Personnel in Wisconsin Public Schools},
  author={Fischer, Thomas A and Swanger, Wayne H and Skoning, Stacey},
  year={2009},
  institution={Wisconsin Educator Supply and Demand Project}
}

@book{friedman,
  title={The Elements of Statistical Learning},
  author={Friedman, Jerome and Hastie, Trevor and Tibshirani, Robert},
  volume={1},
  year={2001},
  publisher={Springer}
}

@article{fulbeck,
  title={Teacher Mobility and Financial Incentives: A Descriptive Analysis of Denver's ProComp},
  author={Fulbeck, Eleanor S},
  journal={Educational Evaluation and Policy Analysis},
  volume={36},
  number={1},
  pages={67--82},
  year={2014},
  publisher={SAGE}
}

@article{glazerman,
  title={Transfer Incentives for High-Performing Teachers: Final Results from a Multisite Randomized Experiment},
  author={Glazerman, Steven and Protik, Ali and Teh, Bing-Ru and Bruch, Julie and Max, Jeffrey},
  journal={National Center for Education Evaluation and Regional Assistance},
  year={2013},
  publisher={ERIC}
}

@article{goldhaber2007,
  title={Are Public Schools Really Losing Their Best? Assessing the Career Transitions of Teachers and Their Implications for the Quality of the Teacher Workforce},
  author={Goldhaber, Dan and Gross, Betheny and Player, Daniel},
  journal={National Center for Analysis of Longitudinal Data in Education Research},
  year={2007},
  publisher={CALDER}
}

@article{goldhaber2015,
  title={Uneven Playing Field? Assessing the Teacher Quality Gap between Advantaged and Disadvantaged Students},
  author={Goldhaber, Dan and Lavery, Lesley and Theobald, Roddy},
  journal={Educational Researcher},
  volume={44},
  number={5},
  pages={293--307},
  year={2015},
  publisher={SAGE}
}

@book{green,
  title={Nonparametric Regression and Generalized Linear Models: A Roughness Penalty Approach},
  author={Green, Peter J and Silverman, Bernard W},
  year={1993},
  publisher={CRC Press}
}

@article{hanushek,
  title={Why Public Schools Lose Teachers},
  author={Hanushek, Eric A and Kain, John F and Rivkin, Steven G},
  journal={Journal of Human Resources},
  volume={39},
  number={2},
  pages={326--354},
  year={2004},
  publisher={University of Wisconsin Press}
}

@techreport{hanushek2010,
  title={Constrained Job Matching: Does Teacher Job Search Harm Disadvantaged Urban Schools?},
  author={Hanushek, Eric A and Rivkin, Steven G},
  year={2010},
  institution={National Bureau of Economic Research}
}

@article{harris,
  title={Teacher Training, Teacher Quality and Student Achievement},
  author={Harris, Douglas N and Sass, Tim R},
  journal={Journal of Public Economics},
  volume={95},
  number={7},
  pages={798--812},
  year={2011},
  publisher={Elsevier}
}

@article{he,
  title={COBS: Qualitatively Constrained Smoothing via Linear Programming},
  author={He, Xuming and Ng, Pin},
  journal={Computational Statistics},
  volume={14},
  number={3},
  pages={315--338},
  year={1999},
  publisher={Springer}
}

@techreport{heckman,
  title={Fifty Years of Mincer Earnings Regressions},
  author={Heckman, James J and Lochner, Lance J and Todd, Petra E},
  year={2003},
  institution={National Bureau of Economic Research}
}

@Article{henningsen,
  title = {maxLik: A package for maximum likelihood estimation in {R}},
  author = {Arne Henningsen and Ott Toomet},
  journal = {Computational Statistics},
  year = {2011},
  volume = {26},
  number = {3},
  pages = {443-458},
  doi = {10.1007/s00180-010-0217-1},
  url = {http://dx.doi.org/10.1007/s00180-010-0217-1},
}

@article{jacob,
  title={Rotten Apples: An Investigation of the Prevalence and Predictors of Teacher Cheating},
  author={Jacob, Brian A and Levitt, Steven D},
  journal={The Quarterly Journal of Economics},
  volume={118},
  number={3},
  pages={843--877},
  year={2003},
  publisher={Oxford University Press}
}

@article{koski,
  title={Facilitating the Teacher Quality Gap? Collective Bargaining Agreements, Teacher Hiring and Transfer Rules, and Teacher Assignment among Schools in California},
  author={Koski, William S and Horng, Eileen L},
  journal={Education},
  volume={2},
  number={3},
  pages={262--300},
  year={2007},
  publisher={MIT Press}
}

@Article{leifeld,
  title = {{texreg}: Conversion of Statistical Model Output in {R} to {\LaTeX} and {HTML} Tables},
  author = {Philip Leifeld},
  journal = {Journal of Statistical Software},
  year = {2013},
  volume = {55},
  number = {8},
  pages = {1--24},
  url = {http://www.jstatsoft.org/v55/i08/},
}

@article{litten,
  title={The Effects of Public Unions on Compensation: Evidence from Wisconsin},
  author={Litten, Andrew},
  year={2016},
  url={https://drive.google.com/file/d/0BwL-PvOgW_Ordzk5QXloZGM1d1k/view}
}

@article{loeb,
  title={Examining the Link between Teacher Wages and Student Outcomes: The Importance of Alternative Labor Market Opportunities and Non-Pecuniary Variation},
  author={Loeb, Susanna and Page, Marianne E},
  journal={Review of Economics and Statistics},
  volume={82},
  number={3},
  pages={393--408},
  year={2000},
  publisher={MIT Press}
}

@article{moe,
  title={Bottom-Up Structure: Collective Bargaining, Transfer Rights, and the Plight of Disadvantaged Schools},
  author={Moe, Terry M},
  journal={Education Working Paper Archive},
  year={2006},
  publisher={ERIC}
}

@article{murnane,
  title={The Effects of Salaries and Opportunity Costs on Length of Stay in Teaching: Evidence from North Carolina},
  author={Murnane, Richard J and Olsen, Randall J},
  journal={Journal of Human Resources},
  pages={106--124},
  year={1990},
  publisher={University of Wisconsin Press}
}

@article{ng,
  title={A Fast and Efficient Implementation of Qualitatively Constrained Quantile Smoothing Splines},
  author={Ng, Pin and Maechler, Martin},
  journal={Statistical Modelling},
  volume={7},
  number={4},
  pages={315--328},
  year={2007},
  publisher={SAGE}
}

@Manual{r,
  title = {R: A Language and Environment for Statistical Computing},
  author = {{R Core Team}},
  organization = {R Foundation for Statistical Computing},
  address = {Vienna, Austria},
  year = {2016},
  url = {https://www.R-project.org/}
}

@Manual{rstudio,
  title = {RStudio: Integrated Development Environment for R},
  author = {{RStudio Team}},
  organization = {RStudio, Inc.},
  address = {Boston, MA},
  year = {2017},
  url = {http://www.rstudio.com/}
}

@article{richards,
  title={The Gerrymandering of School Attendance Zones and the Segregation of Public Schools: A Geospatial Analysis},
  author={Richards, Meredith P},
  journal={American Educational Research Journal},
  volume={51},
  number={6},
  pages={1119--1157},
  year={2014},
  publisher={SAGE}
}

@article{rivkin,
  title={Teachers, Schools, and Academic Achievement},
  author={Rivkin, Steven G and Hanushek, Eric A and Kain, John F},
  journal={Econometrica},
  volume={73},
  number={2},
  pages={417--458},
  year={2005},
  publisher={Journal of the Econometric Society}
}

@article{rockoff,
  title={The Impact of Individual Teachers on Student Achievement: Evidence from Panel Data},
  author={Rockoff, Jonah E},
  journal={The American Economic Review},
  volume={94},
  number={2},
  pages={247--252},
  year={2004},
  publisher={JSTOR}
}

@article{runge,
  title={{\"U}ber Empirische Funktionen und die Interpolation zwischen {\"A}quidistanten Ordinaten},
  author={Runge, Carl},
  journal={Zeitschrift f{\"u}r Mathematik und Physik},
  volume={46},
  number={224-243},
  pages={20},
  year={1901}
}

@article{sable,
  title={Documentation to the NCES Common Core of Data Local Education Agency Universe Survey: School Year 2006-07 (NCES 2009-301)},
  author={Sable, Jennifer},
  journal={U.S. Department of Education},
  year={2009},
  publisher={National Center for Education Statistics},
  address={Washington, DC}
}

@article{scafidi,
  title={Race, Poverty, and Teacher Mobility},
  author={Scafidi, Benjamin and Sjoquist, David L and Stinebrickner, Todd R},
  journal={Economics of Education Review},
  volume={26},
  number={2},
  pages={145--159},
  year={2007},
  publisher={Elsevier}
}

@article{stinebrickner,
  title={An Analysis of Occupational Change and Departure from the Labor Force: Evidence of the Reasons that Teachers Leave},
  author={Stinebrickner, Todd R},
  journal={Journal of Human Resources},
  pages={192--216},
  year={2002},
  publisher={University of Wisconsin Press}
}

@article{stone,
  title={Cross-Validatory Choice and Assessment of Statistical Predictions},
  author={Stone, Mervyn},
  journal={Journal of the Royal Statistical Society. Series B (Methodological)},
  pages={111--147},
  year={1974},
  publisher={JSTOR}
}

@book{wahba,
  title={Spline Models for Observational Data},
  author={Wahba, Grace},
  year={1990},
  publisher={SIAM}
}

@article{wayne,
  title={Experimenting with Teacher Professional Development: Motives and methods},
  author={Wayne, Andrew J and Yoon, Kwang Suk and Zhu, Pei and Cronen, Stephanie and Garet, Michael S},
  journal={Educational Researcher},
  volume={37},
  number={8},
  pages={469--479},
  year={2008},
  publisher={SAGE}
}

@Manual{xie,
  title = {knitr: A General-Purpose Package for Dynamic Report Generation in R},
  author = {Yihui Xie},
  year = {2016},
  note = {R package version 1.15.1},
  url = {http://yihui.name/knitr/},
}

@Article{zeileis2002,
  title = {Diagnostic Checking in Regression Relationships},
  author = {Achim Zeileis and Torsten Hothorn},
  journal = {R News},
  year = {2002},
  volume = {2},
  number = {3},
  pages = {7--10},
  url = {https://CRAN.R-project.org/doc/Rnews/},
}

@Article{zeileis2004,
  title = {Econometric Computing with HC and HAC Covariance Matrix Estimators},
  author = {Achim Zeileis},
  journal = {Journal of Statistical Software},
  year = {2004},
  volume = {11},
  number = {10},
  pages = {1--17},
  url = {http://www.jstatsoft.org/v11/i10/},
}

@Article{zeileis2006,
  title = {Object-Oriented Computation of Sandwich Estimators},
  author = {Achim Zeileis},
  journal = {Journal of Statistical Software},
  year = {2006},
  volume = {16},
  number = {9},
  pages = {1--16},
  url = {http://www.jstatsoft.org/v16/i09/.},
}
@article{dellavigna2012testing,
  title={Testing for Altruism and Social Pressure in Charitable Giving},
  author={DellaVigna, Stefano and List, John A and Malmendier, Ulrike},
  journal={The Quarterly Journal of Economics},
  volume={127},
  number={1},
  pages={1--56},
  year={2012},
  publisher={Oxford University Press}
}
@article{zeldes1989consumption,
  title={Consumption and Liquidity Constraints: An Empirical Investigation},
  author={Zeldes, Stephen P},
  journal={Journal of Political Economy},
  volume={97},
  number={2},
  pages={305--346},
  year={1989},
  publisher={The University of Chicago Press}
}
@article{levitt2007laboratory,
  title={What do Laboratory Experiments Measuring Social Preferences Reveal about the Real World?},
  author={Levitt, Steven D and List, John A},
  journal={The Journal of Economic Perspectives},
  volume={21},
  number={2},
  pages={153--174},
  year={2007},
  publisher={American Economic Association}
}
@techreport{barnett2013state,
  title={State and Local Government Finances Summary: 2011},
  author={Barnett, Jeffrey L. and Vidal, Phillip M.},
  institution={Census of Governments},
  year={2013}
}
@article{chetty2009salience,
  title={Salience and Taxation: Theory and Evidence},
  author={Chetty, Raj and Looney, Adam and Kroft, Kory},
  journal={The American Economic Review},
  volume={99},
  number={4},
  pages={1145--1177},
  year={2009},
  publisher={American Economic Association}
}
@techreport{benabou2011laws,
  title={Laws and Norms},
  author={Benabou, Roland and Tirole, Jean},
  year={2011},
  institution={NBER Working Paper No. 17579},
  number={17579}
}
@techreport{keen2016optimal,
  title={Optimal Tax Administration},
  author={Keen, Michael and Slemrod, Joel},
  year={2016},
  institution={NBER Working Paper No. 22408}
}
@article{haughwout2004local,
  title={Local Revenue Hills: Evidence from Four US Cities},
  author={Haughwout, Andrew and Inman, Robert and Craig, Steven and Luce, Thomas},
  journal={Review of Economics and Statistics},
  volume={86},
  number={2},
  pages={570--585},
  year={2004},
  publisher={MIT Press}
}
@inproceedings{reese2013no,
  title={No Easy Way Out: Detroit’s Financial and Governance Crises},
  author={Reese, LA and Sands, G},
  booktitle={Interrogating Urban Crises Conference, De Monfort University, Leicester, England, September},
  year={2013}
}
@article{lohmann1994dynamics,
  title={The Dynamics of Informational Cascades: The Monday Demonstrations in Leipzig, East Germany, 1989--91},
  author={Lohmann, Susanne},
  journal={World Politics},
  volume={47},
  number={01},
  pages={42--101},
  year={1994},
  publisher={Cambridge University Press}
}
@techreport{besley2015norms,
  title={Norms, Enforcement, and Tax Evasion},
  author={Besley, Timothy J and Jensen, Anders and Persson, Torsten},
  institution={CEPR Discussion Paper No. DP10372},
  year={2015}
}
@article{Akerlof-91,
  title={Procrastination and Obedience},
  author={Akerlof, George A},
  journal={The American Economic Review},
  volume={81},
  number={2},
  pages={1--19},
  year={1991},
  publisher={JSTOR}
}
@article{Bhargava-15,
  title={Psychological Frictions and the Incomplete Take-up of Social Benefits: Evidence from an IRS Field Experiment},
  author={Bhargava, Saurabh and Manoli, Dayanand},
  journal={The American Economic Review},
  volume={105},
  number={11},
  pages={3489--3529},
  year={2015},
  publisher={American Economic Association}
}

@techreport{Kessler-Zhang-14,
  title={Behavioral Economics and Health},
  author={Kessler, Judd B and Zhang, C Yiwei},
  institution={Paper for Oxford Textbook of Public Health},
  year={2014}
}

@article{Hallsworthb-14,
  title={The Use of Field Experiments to Increase Tax Compliance},
  author={Hallsworth, Michael},
  journal={Oxford Review of Economic Policy},
  volume={30},
  number={4},
  pages={658--679},
  year={2014},
  publisher={Oxford Univ Press}
}

@article{DR-99,
  title={Doing It Now or Later},
  author={O'Donoghue, Ted and Rabin, Matthew},
  journal={American Economic Review},
  volume={89},
  number={1},
  pages={103--124},
  year={1999},
}

@article{Allingham-Sandmo-72,
  title={Income Tax Evasion: A Theoretical Analysis},
  author={Allingham, Michael G and Sandmo, Agnar},
  journal={Journal of Public Economics},
  volume={1},
  number={3-4},
  pages={323--338},
  year={1972},
  publisher={Elsevier}
}

@book{Aaron-75,
  title={Who Pays the Property Tax?},
  author={Aaron, H.},
   year={1975},
  publisher={The Brookings Institution}
}

@article{Alm-92,
  title={Why Do People Pay Taxes?},
  author={Alm, James and McClelland, Gary H and Schulze, William D},
  journal={Journal of Public Economics},
  volume={48},
  number={1},
  pages={21--38},
  year={1992},
  publisher={Elsevier}
}

@article{Ariel-12,
  title={Deterrence and Moral Persuasion Effects on Corporate Tax Compliance: Findings from a Randomized Controlled Trial},
  author={Ariel, Barak},
  journal={Criminology},
  volume={50},
  pages={27-69},
  year={2012},
}

@article{Blumenthal-01,
  title={Do Normative Appeals Affect Tax Compliance? Evidence from a Controlled Experiment in Minnesota},
  author={Blumenthal, Marsha and Christian, Charles and Slemrod, Joel and Smith, Matthew G},
  journal={National Tax Journal},
  pages={125--138},
  year={2001},
  publisher={JSTOR}
}

@article{castro,
  title={Tax Compliance and Enforcement in the Pampas: Evidence from a Field Experiment},
  author={Castro, Lucio and Scartascini, Carlos},
  journal={Journal of Economic Behavior \& Organization},
  volume={116},
  pages={65--82},
  year={2015},
  publisher={Elsevier}
}

@article{CILMS-16,
  title={An Experimental Evaluation of Notification Strategies to Increase Property Tax Compliance: Free-Riding in the City of Brotherly Love},
  author={Chirico, Michael and Inman, Robert P and Loeffler, Charles and MacDonald, John and Sieg, Holger},
  journal={Tax Policy and the Economy},
  volume={30},
  number={1},
  pages={129--161},
  year={2016},
  publisher={University of Chicago Press Chicago, IL}
}

@article{delcarpio,
  title={Are the Neighbors Cheating? Evidence from a Social Norm Experiment on Property Taxes in Peru},
  author={Del Carpio, Lucia},
  journal={Working Papers, Princeton University, Princeton, NJ},
  year={2013}
}

@article{Engstrom-15,
  title={Tax Compliance and Loss Aversion},
  author={Engstr{\"o}m, Per and Nordblom, Katarina and Ohlsson, Henry and Persson, Annika},
  journal={American Economic Journal: Economic Policy},
  volume={7},
  number={4},
  pages={132--164},
  year={2015},
  publisher={American Economic Association}
}

@article{erard,
  title={Honesty and Evasion in the Tax Compliance Game},
  author={Erard, Brian and Feinstein, Jonathan S},
  journal={The RAND Journal of Economics},
  pages={1--19},
  year={1994},
  publisher={JSTOR}
}

@article{Fellner-13,
  title={Testing Enforcement Strategies in the Field: Threat, Moral Appeal and Social Information},
  author={Fellner, Gerlinde and Sausgruber, Rupert and Traxler, Cristian},
  journal={Journal of the European Economic Association},
  pages={634-60},
  volume={11 (3)},
  year={2013}
 }

@unpublished{Hallsworth-14,
  title={The Behavioralist as Tax Collector: Using Natural Field Experiments to Enhance Tax Compliance},
  author={Hallsworth, Michael and List, John and Metcalfe, Robert and Vlaev, Ivo},
  year={2014},
  note={National Bureau of Economic Research}
}


@article{hawken,
  title={Managing Drug Involved Probationers with Swift and Certain Sanctions: Evaluating Hawaii's HOPE},
  author={Hawken, Angela and Kleiman, Mark},
  year={2009},
  institution={National Institute of Justice},
  howpublished={\url{https://www.ncjrs.gov/App/Publications/abstract.aspx?ID=251050}},
  address={Washington, D.C.}
}
@book{kirchler,
  title={The Economic Psychology of Tax Behaviour},
  author={Kirchler, Erich},
  year={2007},
  publisher={Cambridge University Press}
}

@article{Kleven-11,
  title={Unwilling or Unable to Cheat? Evidence from a Tax Audit Experiment in Denmark},
  author={Kleven, Henrik Jacobsen and Knudsen, Martin B and Kreiner, Claus Thustrup and Pedersen, S{\o}ren and Saez, Emmanuel},
  journal={Econometrica},
  volume={79},
  number={3},
  pages={651--692},
  year={2011},
  publisher={Wiley Online Library}
}

@article{kosonen,
  title={The Role of Information in Tax Compliance: Evidence from a Natural Field Experiment},
  author={Kosonen, Tuomas and Ropponen, Olli},
  journal={Economics Letters},
  volume={129},
  pages={18--21},
  year={2015},
  publisher={Elsevier}
}

@article{Luttmer-14,
  title={Tax Morale},
  author={Luttmer, Erzo F. P. and Singhal, Monica},
  journal={The Journal of Economic Perspectives},
  volume={28},
  number={4},
  pages={149--168},
  year={2014},
  publisher={American Economic Association}
}

@article{macdonald,
  title={Half of Detroit Property Owners Don’t Pay Taxes},
  author={MacDonald, Christine and Wilkinson, Mike},
  journal={Detroit News},
  year={2013},
  pubstate={MI}
}

@article{Mieszkowski-72,
  title={The Property Tax: An Excise Tax or a Profit Tax?},
  author={Mieszkowski, P.},
  journal={Journal of Public Economics},
  volume={1},
  pages={73-96},
  year={1972},
  publisher={Elsevier}
}

@techreport{oecd,
  title={Tax Administration in OECD and Selected Non-OECD Countries: Comparative Information Series (2010)},
  month={March},
  year={2011},
  editor={Shulman, Douglas H.},
  institution={Organization for Economic Cooperation and Development, Center for Tax Policy and Administration},
  url={https://www.oecd.org/ctp/administration/CIS-2010.pdf}
}
@techreport{ortega,
  title={Don't Blame the Messenger: A Field Experiment on Delivery Methods for Increasing Tax Compliance},
  author={Ortega, Daniel and Scartascini, Carlos},
  year={2015},
  institution={Inter-American Development Bank}
}
@article{cdvm-11,
  title={The role of theory in field experiments},
  author={Card, David and DellaVigna, Stefano and Malmendier, Ulrike},
  journal={The Journal of Economic Perspectives},
  volume={25},
  number={3},
  pages={39--62},
  year={2011},
  publisher={American Economic Association}
}
@techreport{pew,
  title={Delinquent Property Tax in Philadelphia: Stark Challenges and Realistic Goals},
  author={Ginsberg, Thomas and Gillen, Kevin C. and Kromer, John},
  editor={Eichel, Larry},
  institution={PEW Charitable Trusts, The},
  address={Philadelphia, Pennsylvania},
  year={2013},
  url={http://www.pewtrusts.org/~/media/legacy/uploadedfiles/wwwpewtrustsorg/reports/philadelphia_research_initiative/philadelphiapropertytaxdelinquencyreportpdf.pdf?la=en}
}

@unpublished{Perez-Truglia-Toiano-15,
  title={Tax Debt Enforcement: Theory and Evidence from a Field Experiment in the United States},
  author={Perez-Truglia, Ricardo and Ugo Troiano},
  year={2015},
  note={University of Michigan Working Paper}
}

@article{Pomeranz-15,
  title={No Taxation without Information: Deterrence and Self-Enforcement in the Value Added Tax},
  author={Pomeranz, Dina},
  journal={The American Economic Review},
  volume={105},
  number={8},
  pages={2539--2569},
  year={2015},
  publisher={American Economic Association}
}

@article{Posner-00,
  title={Law and Social Norms: The Case of Tax Compliance},
  author={Posner, Eric A},
  journal={Virginia Law Review},
  volume={86},
  number={8},
  pages={1781--1819},
  year={2000}
}


@book{Rawls-71,
  title={A Theory of Justice},
  author={Rawls, John},
  year={1971},
  publisher={Belknap Press of the Harvard University Press},
  address={Cambridge, Massachusetts}
}

@article{Slemrod-07,
  title={Cheating Ourselves: The Economics of Tax Evasion},
  author={Slemrod, Joel},
  journal={The Journal of Economic Perspectives},
  volume={21},
  number={1},
  pages={25--48},
  year={2007},
  publisher={JSTOR}
}

@article{thaler,
  title={Libertarian Paternalism},
  author={Thaler, Richard H and Sunstein, Cass R},
  journal={The American Economic Review},
  volume={93},
  number={2},
  pages={175--179},
  year={2003},
  publisher={JSTOR}
}

@book{torgler,
  title={Tax Compliance and Tax Morale: A Theoretical and Empirical Analysis},
  author={Torgler, Benno},
  year={2007},
  publisher={Edward Elgar Publishing}
}

@article{traxler,
  title={Social Norms and Conditional Cooperative Taxpayers},
  author={Traxler, Christian},
  journal={European Journal of Political Economy},
  volume={26},
  number={1},
  pages={89--103},
  year={2010},
  publisher={Elsevier}
}

@article{Wenzel-Taylor-04,
  title={An Experimental Evaluation of Tax-Reporting Schedules: A Case of Evidence-based Tax Administration},
  author={Wenzel, Michael and Natalie Taylor},
  journal={Journal of Public Economics},
  volume={88},
  number={12},
  pages={2785-99},
  year={2004},
  publisher={Elsevier}
}
@article{andrews,
  title={Active Learning Not Associated with Student Learning in a Random Sample of College Biology Courses},
  author={Andrews, TM and Leonard, MJ and Colgrove, CA and Kalinowski, ST},
  journal={CBE-Life Sciences Education},
  volume={10},
  number={4},
  pages={394--405},
  year={2011},
  publisher={American Society for Cell Biology}
}

@misc{angrist,
  title={Identification and Estimation of Local Average Treatment Effects},
  author={Angrist, Joshua and Imbens, Guido},
  year={1995},
  publisher={National Bureau of Economic Research}
}

@techreport{berlinski,
  title={Challenges in Educational Reform: An Experiment on Active Learning in Mathematics},
  author={Berlinski, Samuel and Busso, Matias},
  year={2015},
  month={March},
  institution={Inter-American Development Bank},
  type={IDB Publications (Working Papers)},
  url={https://ideas.repec.org/p/idb/brikps/88335.html},
  number={88335}
}

@article{deslauriers,
  title={Improved Learning in a Large-Enrollment Physics Class},
  author={Deslauriers, Louis and Schelew, Ellen and Wieman, Carl},
  journal={Science},
  volume={332},
  number={6031},
  pages={862--864},
  year={2011},
  publisher={American Association for the Advancement of Science}
}

@article{dorans,
  title={Correspondences between ACT and SAT{\textregistered} I Scores},
  author={Dorans, Neil J},
  journal={ETS Research Report Series},
  volume={1999},
  number={1},
  year={1999},
  publisher={Wiley Online Library}
}

@article{heppen,
  title={Access to Algebra I: The Effects of Online Mathematics for Grade 8 Students},
  author={Heppen, Jessica B and Walters, Kirk and Clements, Margaret and Faria, Ann-Marie and Tobey, Cheryl and Sorensen, Nicholas and Culp, Katherine},
  journal={National Center for Education Evaluation and Regional Assistance},
  year={2011},
  publisher={ERIC}
}

@book{imbens,
  title={Causal Inference in Statistics, Social, and Biomedical Sciences},
  author={Imbens, Guido W and Rubin, Donald B},
  year={2015},
  publisher={Cambridge University Press}
}

@article{jaggars,
  title={Effectiveness of Fully Online Courses for College Students: Response to a Department of Education Meta-Analysis},
  author={Jaggars, Shanna Smith and Bailey, Thomas},
  journal={Community College Research Center, Columbia University},
  year={2010},
  publisher={ERIC}
}

@article{love,
  title={Student Learning and Perceptions in a Flipped Linear Algebra Course},
  author={Love, Betty and Hodge, Angie and Grandgenett, Neal and Swift, Andrew W},
  journal={International Journal of Mathematical Education in Science and Technology},
  volume={45},
  number={3},
  pages={317--324},
  year={2014},
  publisher={Taylor \& Francis}
}

@article{mcgivney,
  title={Flipping Calculus},
  author={McGivney-Burelle, Jean and Xue, Fei},
  journal={Primus},
  volume={23},
  number={5},
  pages={477--486},
  year={2013},
  publisher={Taylor \& Francis}
}

@article{means,
  title={Evaluation of Evidence-Based Practices in Online Learning: A Meta-Analysis and Review of Online Learning Studies},
  author={Means, Barbara and Toyama, Yukie and Murphy, Robert and Bakia, Marianne and Jones, Karla},
  journal={US Department of Education},
  year={2009},
  publisher={ERIC}
}

@article{rubin,
  title={Estimating Causal Effects of Treatments in Randomized and Nonrandomized Studies},
  author={Rubin, Donald B},
  journal={Journal of Educational Psychology},
  volume={66},
  number={5},
  pages={688},
  year={1974},
  publisher={American Psychological Association}
}

@article{wald,
  title={The Fitting of Straight Lines If Both Variables Are Subject to Error},
  author={Wald, Abraham},
  journal={The Annals of Mathematical Statistics},
  volume={11},
  number={3},
  pages={284--300},
  year={1940},
  publisher={JSTOR}
}

@article{xu2011,
  title={Online and Hybrid Course Enrollment and Performance in Washington State Community and Technical Colleges},
  author={Xu, Di and Jaggars, Shanna Smith},
  journal={Community College Research Center, Columbia University},
  year={2011},
  publisher={ERIC}
}

@article{xu2013,
  title={Adaptability to Online Learning: Differences across Types of Students and Academic Subject Areas},
  author={Xu, Di and Jaggars, Shanna Smith},
  journal={Community College Research Center, Columbia University},
  year={2013},
  publisher={ERIC}
}
