@article{andrews,
  title={Active Learning Not Associated with Student Learning in a Random Sample of College Biology Courses},
  author={Andrews, TM and Leonard, MJ and Colgrove, CA and Kalinowski, ST},
  journal={CBE-Life Sciences Education},
  volume={10},
  number={4},
  pages={394--405},
  year={2011},
  publisher={American Society for Cell Biology}
}

@misc{angrist,
  title={Identification and Estimation of Local Average Treatment Effects},
  author={Angrist, Joshua and Imbens, Guido},
  year={1995},
  publisher={National Bureau of Economic Research}
}

@techreport{berlinski,
  title={Challenges in Educational Reform: An Experiment on Active Learning in Mathematics},
  author={Berlinski, Samuel and Busso, Matias},
  year={2015},
  month={March},
  institution={Inter-American Development Bank},
  type={IDB Publications (Working Papers)},
  url={https://ideas.repec.org/p/idb/brikps/88335.html},
  number={88335}
}

@article{deslauriers,
  title={Improved Learning in a Large-Enrollment Physics Class},
  author={Deslauriers, Louis and Schelew, Ellen and Wieman, Carl},
  journal={Science},
  volume={332},
  number={6031},
  pages={862--864},
  year={2011},
  publisher={American Association for the Advancement of Science}
}

@article{dorans,
  title={Correspondences between ACT and SAT{\textregistered} I Scores},
  author={Dorans, Neil J},
  journal={ETS Research Report Series},
  volume={1999},
  number={1},
  year={1999},
  publisher={Wiley Online Library}
}

@article{heppen,
  title={Access to Algebra I: The Effects of Online Mathematics for Grade 8 Students},
  author={Heppen, Jessica B and Walters, Kirk and Clements, Margaret and Faria, Ann-Marie and Tobey, Cheryl and Sorensen, Nicholas and Culp, Katherine},
  journal={National Center for Education Evaluation and Regional Assistance},
  year={2011},
  publisher={ERIC}
}

@book{imbens,
  title={Causal Inference in Statistics, Social, and Biomedical Sciences},
  author={Imbens, Guido W and Rubin, Donald B},
  year={2015},
  publisher={Cambridge University Press}
}

@article{jaggars,
  title={Effectiveness of Fully Online Courses for College Students: Response to a Department of Education Meta-Analysis},
  author={Jaggars, Shanna Smith and Bailey, Thomas},
  journal={Community College Research Center, Columbia University},
  year={2010},
  publisher={ERIC}
}

@article{love,
  title={Student Learning and Perceptions in a Flipped Linear Algebra Course},
  author={Love, Betty and Hodge, Angie and Grandgenett, Neal and Swift, Andrew W},
  journal={International Journal of Mathematical Education in Science and Technology},
  volume={45},
  number={3},
  pages={317--324},
  year={2014},
  publisher={Taylor & Francis}
}

@article{mcgivney,
  title={Flipping Calculus},
  author={McGivney-Burelle, Jean and Xue, Fei},
  journal={Primus},
  volume={23},
  number={5},
  pages={477--486},
  year={2013},
  publisher={Taylor & Francis}
}

@article{means,
  title={Evaluation of Evidence-Based Practices in Online Learning: A Meta-Analysis and Review of Online Learning Studies},
  author={Means, Barbara and Toyama, Yukie and Murphy, Robert and Bakia, Marianne and Jones, Karla},
  journal={US Department of Education},
  year={2009},
  publisher={ERIC}
}

@article{rubin,
  title={Estimating Causal Effects of Treatments in Randomized and Nonrandomized Studies},
  author={Rubin, Donald B},
  journal={Journal of Educational Psychology},
  volume={66},
  number={5},
  pages={688},
  year={1974},
  publisher={American Psychological Association}
}

@article{wald,
  title={The Fitting of Straight Lines If Both Variables Are Subject to Error},
  author={Wald, Abraham},
  journal={The Annals of Mathematical Statistics},
  volume={11},
  number={3},
  pages={284--300},
  year={1940},
  publisher={JSTOR}
}

@article{xu2011,
  title={Online and Hybrid Course Enrollment and Performance in Washington State Community and Technical Colleges},
  author={Xu, Di and Jaggars, Shanna Smith},
  journal={Community College Research Center, Columbia University},
  year={2011},
  publisher={ERIC}
}

@article{xu2013,
  title={Adaptability to Online Learning: Differences across Types of Students and Academic Subject Areas},
  author={Xu, Di and Jaggars, Shanna Smith},
  journal={Community College Research Center, Columbia University},
  year={2013},
  publisher={ERIC}
}
